@article{BayesPy,
  author          = {Luttinen, Jaakko},
  year            = 2014,
  month           = 10,
  title           = {BayesPy: Variational Bayesian Inference in Python},
  volume          = 17
}

@misc{Dua:2019,
  author          = "Dua, Dheeru and Graff, Casey",
  year            = 2017,
  title           = "{UCI} Machine Learning Repository",
  note            = "\url{http://archive.ics.uci.edu/ml}",
  institution     = "University of California, Irvine, School of Information and
                  Computer Sciences"
}

@online{JeremyJordan,
  author          = {Jeremy Jordan},
  title           = {Variational autoencoders [Online]},
  year            = 2018,
  note            = {\url{https://www.jeremyjordan.me/variational-autoencoders/}
                  Accesed on 2020-08-10},
  urldate         = {2020-08-10}
}

@article{Le_2019,
  title           = {A Fast PC Algorithm for High Dimensional Causal Discovery
                  with Multi-Core PCs},
  volume          = 16,
  ISSN            = {2374-0043},
  url             = {http://dx.doi.org/10.1109/TCBB.2016.2591526},
  DOI             = {10.1109/tcbb.2016.2591526},
  number          = 5,
  journal         = {IEEE/ACM Transactions on Computational Biology and
                  Bioinformatics},
  publisher       = {Institute of Electrical and Electronics Engineers (IEEE)},
  author          = {Le, Thuc Duy and Hoang, Tao and Li, Jiuyong and Liu, Lin
                  and Liu, Huawen and Hu, Shu},
  year            = 2019,
  month           = {Sep},
  pages           = {1483–1495}
}

@inproceedings{Svensn2007PatternRA,
  title           = {Pattern Recognition and Machine Learning Solutions to the
                  Exercises : Web-Edition},
  author          = {Markus Svens{\'e}n},
  year            = 2007
}

@article{anderson1987mean,
  title           = {A mean field theory learning algorithm for neural networks},
  author          = {Anderson, James R and Peterson, Carsten},
  journal         = {Complex Systems},
  volume          = 1,
  pages           = {995--1019},
  year            = 1987
}

@incollection{bandyopadhyay2011philosophy,
  title           = {Philosophy of statistics: An introduction},
  author          = {Bandyopadhyay, Prasanta S and Forster, Malcolm R},
  booktitle       = {Philosophy of statistics},
  pages           = {1--50},
  year            = 2011,
  publisher       = {Elsevier}
}

@book{barber,
  title           = {Bayesian Reasoning and Machine Learning},
  isbn            = {978-0-521-51814-7},
  shorttitle      = {Bayesian Reasoning and Machine Learning},
  publisher       = {Cambridge University Press},
  author          = {David Barber},
  year            = 2007,
}

@article{bayes_ball,
  title           = {Bayes-Ball: The Rational Pastime},
  shorttitle      = {Bayes-Ball: The Rational Pastime},
  author          = {Ross D. Shachter },
  year            = 2013,
}

@inproceedings{bishop2003vibes,
  title           = {VIBES: A variational inference engine for Bayesian
                  networks},
  author          = {Bishop, Christopher M and Spiegelhalter, David and Winn,
                  John},
  booktitle       = {Advances in neural information processing systems},
  pages           = {793--800},
  year            = 2003
}

@book{bishop2006pattern,
  title           = {Pattern recognition and machine learning},
  author          = {Bishop, Christopher M},
  year            = 2006,
  publisher       = {springer}
}

@article{blei2003latent,
  title           = {Latent dirichlet allocation},
  author          = {Blei, David M and Ng, Andrew Y and Jordan, Michael I},
  journal         = {Journal of machine Learning research},
  volume          = 3,
  number          = {Jan},
  pages           = {993--1022},
  year            = 2003
}

@article{blei2014build,
  title           = {Build, compute, critique, repeat: Data analysis with latent
                  variable models},
  author          = {Blei, David M},
  journal         = {Annual Review of Statistics and Its Application},
  volume          = 1,
  pages           = {203--232},
  year            = 2014,
  publisher       = {Annual Reviews}
}

@article{blei2017variational,
  title           = {Variational inference: A review for statisticians},
  author          = {Blei, David M and Kucukelbir, Alp and McAuliffe, Jon D},
  journal         = {Journal of the American statistical Association},
  year            = 2017,
  publisher       = {Taylor \& Francis}
}

@article{cauchy1847methode,
  title           = {M{\'e}thode g{\'e}n{\'e}rale pour la r{\'e}solution des
                  systemes d’{\'e}quations simultan{\'e}es},
  author          = {Cauchy, Augustin},
  journal         = {Comp. Rend. Sci. Paris},
  volume          = 25,
  number          = 1847,
  pages           = {536--538},
  year            = 1847
}

@book{cox2006principles,
  title           = {Principles of statistical inference},
  author          = {Cox, David Roxbee},
  year            = 2006,
  publisher       = {Cambridge university press}
}

@Article{cozar2019inferpy,
  author          = {C{\'o}zar, Javier and Caba{\~n}as, Rafael and Salmer{\'o}n,
                  Antonio and Masegosa, Andr{\'e}s R},
  title           = {InferPy: Probabilistic Modeling with Deep Neural Networks
                  Made Easy},
  journal         = {arXiv preprint arXiv:1908.11161},
  year            = 2019,
}

@article{dempster1977maximum,
  title           = {Maximum likelihood from incomplete data via the EM
                  algorithm},
  author          = {Dempster, Arthur P and Laird, Nan M and Rubin, Donald B},
  journal         = {Journal of the Royal Statistical Society: Series B
                  (Methodological)},
  volume          = 39,
  number          = 1,
  pages           = {1--22},
  year            = 1977,
  publisher       = {Wiley Online Library}
}

@article{do2008expectation,
  title           = {What is the expectation maximization algorithm?},
  author          = {Do, Chuong B and Batzoglou, Serafim},
  journal         = {Nature biotechnology},
  volume          = 26,
  number          = 8,
  pages           = {897--899},
  year            = 2008,
  publisher       = {Nature Publishing Group}
}

@article{farrow,
  title           = {MAS3301 Bayesian Statistics},
  shorttitle      = {MAS3301 Bayesian Statistics},
  author          = {Malcolm Farrow},
  year            = 2008,
}

@book{goodfellow2016deep,
  title           = {Deep learning},
  author          = {Goodfellow, Ian and Bengio, Yoshua and Courville, Aaron},
  year            = 2016,
  publisher       = {MIT press}
}

@article{griewank1989automatic,
  title           = {On automatic differentiation},
  author          = {Griewank, Andreas and others},
  journal         = {Mathematical Programming: recent developments and
                  applications},
  volume          = 6,
  number          = 6,
  pages           = {83--107},
  year            = 1989,
  publisher       = {Amsterdam}
}

@article{grimmett1973theorem,
  title           = {A theorem about random fields},
  author          = {Grimmett, Geoffrey R},
  journal         = {Bulletin of the London Mathematical Society},
  volume          = 5,
  number          = 1,
  pages           = {81--84},
  year            = 1973,
  publisher       = {Citeseer}
}

@inproceedings{hinton1993keeping,
  title           = {Keeping the neural networks simple by minimizing the
                  description length of the weights},
  author          = {Hinton, Geoffrey E and Van Camp, Drew},
  booktitle       = {Proceedings of the sixth annual conference on Computational
                  learning theory},
  pages           = {5--13},
  year            = 1993
}

@article{hoffman2013stochastic,
  title           = {Stochastic variational inference},
  author          = {Hoffman, Matthew D and Blei, David M and Wang, Chong and
                  Paisley, John},
  journal         = {The Journal of Machine Learning Research},
  volume          = 14,
  number          = 1,
  pages           = {1303--1347},
  year            = 2013,
  publisher       = {JMLR. org}
}

@inproceedings{impagliazzo1999complexity,
  title           = {Complexity of fc-SAT},
  author          = {Impagliazzo, Russell and Paturi, Ramamohan},
  booktitle       = {Proceedings},
  volume          = 14,
  pages           = 237,
  year            = 1999,
  organization    = {IEEE Computer Society Press}
}

@article{jordan1999introduction,
  title           = {An introduction to variational methods for graphical
                  models},
  author          = {Jordan, Michael I and Ghahramani, Zoubin and Jaakkola,
                  Tommi S and Saul, Lawrence K},
  journal         = {Machine learning},
  year            = 1999,
  publisher       = {Springer}
}

@article{kiefer1952stochastic,
  title           = {Stochastic estimation of the maximum of a regression
                  function},
  author          = {Kiefer, Jack and Wolfowitz, Jacob and others},
  journal         = {The Annals of Mathematical Statistics},
  volume          = 23,
  number          = 3,
  pages           = {462--466},
  year            = 1952,
  publisher       = {Institute of Mathematical Statistics}
}

@article{kingma2013auto,
  title           = {Auto-encoding variational bayes},
  author          = {Kingma, Diederik P and Welling, Max},
  journal         = {arXiv preprint arXiv:1312.6114},
  year            = 2013
}

@misc{kingma2014adam,
  title           = {Adam: A Method for Stochastic Optimization},
  author          = {Diederik P. Kingma and Jimmy Ba},
  year            = 2014,
  eprint          = {1412.6980},
  archivePrefix   = {arXiv},
  primaryClass    = {cs.LG}
}

@book{koller_friedman,
  location        = {Cambrige, London},
  title           = {Probabilistic Graphical Models, Principles and Techniques},
  isbn            = {978-0-262-013192-2},
  shorttitle      = {Principles and Techniques},
  pagetotal       = 731,
  publisher       = {The MIT Press},
  author          = {Daphne Koller and Nir Friedman},
  year            = 2009,
}

@article{koopman1936distributions,
  title           = {On distributions admitting a sufficient statistic},
  author          = {Koopman, Bernard Osgood},
  journal         = {Transactions of the American Mathematical society},
  volume          = 39,
  number          = 3,
  pages           = {399--409},
  year            = 1936,
  publisher       = {JSTOR}
}

@article{lecun2010mnist,
  title           = {MNIST handwritten digit database},
  author          = {LeCun, Yann and Cortes, Corinna and Burges, CJ},
  journal         = {ATT Labs [Online]. Available:
                  http://yann.lecun.com/exdb/mnist},
  volume          = 2,
  year            = 2010
}

@book{li2009markov,
  title           = {Markov random field modeling in image analysis},
  author          = {Li, Stan Z},
  year            = 2009,
  publisher       = {Springer Science \& Business Media}
}

@misc{masegosa2019probabilistic,
  title           = {Probabilistic Models with Deep Neural Networks},
  author          = {Andrés R. Masegosa and Rafael Cabañas and Helge Langseth
                  and Thomas D. Nielsen and Antonio Salmerón},
  year            = 2019,
  eprint          = {1908.03442},
  archivePrefix   = {arXiv},
  primaryClass    = {cs.LG}
}

@book{mclachlan2007algorithm,
  title           = {The EM algorithm and extensions},
  author          = {McLachlan, Geoffrey J and Krishnan, Thriyambakam},
  volume          = 382,
  year            = 2007,
  publisher       = {John Wiley \& Sons}
}

@incollection{neal1998view,
  title           = {A view of the EM algorithm that justifies incremental,
                  sparse, and other variants},
  author          = {Neal, Radford M and Hinton, Geoffrey E},
  booktitle       = {Learning in graphical models},
  pages           = {355--368},
  year            = 1998,
  publisher       = {Springer}
}

@article{pearl_and_detcher,
  title           = {Identifying Independences in Casual Graphs with Feedback},
  shorttitle      = {Identifying Independences in Casual Graphs with Feedback},
  author          = {Judea Pearl and Rina Dechter},
  year            = 2013,
}

@article{pearson1901liii,
  title           = {LIII. On lines and planes of closest fit to systems of
                  points in space},
  author          = {Pearson, Karl},
  journal         = {The London, Edinburgh, and Dublin Philosophical Magazine
                  and Journal of Science},
  volume          = 2,
  number          = 11,
  pages           = {559--572},
  year            = 1901,
  publisher       = {Taylor \& Francis}
}

@article{robbins2007asa,
  title           = {A Stochastic Approximation Method},
  author          = {H. Robbins},
  journal         = {Annals of Mathematical Statistics},
  year            = 2007,
  volume          = 22,
  pages           = {400-407}
}

@book{rossi2018mathematical,
  title           = {Mathematical statistics: an introduction to likelihood
                  based inference},
  author          = {Rossi, Richard J},
  year            = 2018,
  publisher       = {John Wiley \& Sons},
  pages           = 227
}

@article{scikit-learn,
  title           = {Scikit-learn: Machine Learning in {P}ython},
  author          = {Pedregosa, F. and Varoquaux, G. and Gramfort, A. and
                  Michel, V. and Thirion, B. and Grisel, O. and Blondel, M. and
                  Prettenhofer, P. and Weiss, R. and Dubourg, V. and Vanderplas,
                  J. and Passos, A. and Cournapeau, D. and Brucher, M. and
                  Perrot, M. and Duchesnay, E.},
  journal         = {Journal of Machine Learning Research},
  volume          = 12,
  pages           = {2825--2830},
  year            = 2011
}

@inproceedings{sklearn_api,
  author          = {Lars Buitinck and Gilles Louppe and Mathieu Blondel and
                  Fabian Pedregosa and Andreas Mueller and Olivier Grisel and
                  Vlad Niculae and Peter Prettenhofer and Alexandre Gramfort and
                  Jaques Grobler and Robert Layton and Jake VanderPlas and
                  Arnaud Joly and Brian Holt and Ga{\"{e}}l Varoquaux},
  title           = {{API} design for machine learning software: experiences
                  from the scikit-learn project},
  booktitle       = {ECML PKDD Workshop: Languages for Data Mining and Machine
                  Learning},
  year            = 2013,
  pages           = {108--122},
}

@book{spirtes2000causation,
  title           = {Causation, prediction, and search},
  author          = {Spirtes, Peter and Glymour, Clark N and Scheines, Richard
                  and Heckerman, David},
  year            = 2000,
  publisher       = {MIT press}
}

@article{tipping1999probabilistic,
  title           = {Probabilistic principal component analysis},
  author          = {Tipping, Michael E and Bishop, Christopher M},
  journal         = {Journal of the Royal Statistical Society: Series B
                  (Statistical Methodology)},
  volume          = 61,
  number          = 3,
  pages           = {611--622},
  year            = 1999,
  publisher       = {Wiley Online Library}
}

@book{upton2014dictionary,
  title           = {A dictionary of statistics 3e},
  author          = {Upton, Graham and Cook, Ian},
  year            = 2014,
  publisher       = {Oxford university press}
}

@book{wainwright,
  title           = {Graphical Models, Exponential Families and Variational
                  Inference},
  shorttitle      = {Graphical Models, Exponential Families and Variational
                  Inference},
  publisher       = {Now Publishers Inc },
  isbn            = {978-1-601-98184-4},
  author          = {Martin J. Wainwright and Michael I. Jordan},
  year            = 2008,
}

@article{winn2005variational,
  title           = {Variational message passing},
  author          = {Winn, John and Bishop, Christopher M},
  journal         = {Journal of Machine Learning Research},
  volume          = 6,
  number          = {Apr},
  pages           = {661--694},
  year            = 2005
}
