@book{barber,
  title =        {Bayesian Reasoning and Machine Learning},
  isbn =         {978-0-521-51814-7},
  shorttitle =   {Bayesian Reasoning and Machine Learning},
  publisher =    {Cambridge University Press},
  author =       {David Barber},
  date =         2007,
}

@article{bayes_ball,
  title =        {Bayes-Ball: The Rational Pastime},
  shorttitle =   {Bayes-Ball: The Rational Pastime},
  author =       {Ross D. Shachter },
  data =         2013,
}

@book{koller_friedman,
  location =     {Cambrige, London},
  title =        {Probabilistic Graphical Models, Principles and Techniques},
  isbn =         {978-0-262-013192-2},
  shorttitle =   {Principles and Techniques},
  pagetotal =    731,
  publisher =    {The MIT Press},
  author =       "Daphne Koller and Nir Friedman",
  date =         2009,
}

@article{pearl_and_detcher,
  title =        {Identifying Independences in Casual Graphs with Feedback},
  shorttitle =   {Identifying Independences in Casual Graphs with Feedback},
  author =       {Judea Pearl, Rina Dechter},
  data =         2013,
}

@book{wainwright,
  title =        {Graphical Models, Exponential Families and Variational
                  Inference},
  shorttitle =   {Graphical Models, Exponential Families and Variational
                  Inference},
  publisher =    {Now Publishers Inc },
  isbn =         {978-1-601-98184-4},
  author =       "Martin J. Wainwright and Michael I. Jordan",
  date =         2008,
}
